@manual{pari,
      key = {Par},
      organization = "{The PARI~Group}",
      title        = "{PARI/GP version {\tt 2.7.5}}",
      year         = 2015,
      address      = "Bordeaux",
      note         = "available from \url{http://pari.math.u-bordeaux.fr/}"
}

@incollection {zagier:theDilogarithmFunction,
    AUTHOR = {Zagier, Don},
     TITLE = { The Dilogarithm Function },
 BOOKTITLE = {Number Theory, Physics, and Geometry II},
 PUBLISHER = {Springer-Verlag},
     PAGES = {3--35},
      YEAR = {2007},
       URL = {http://people.mpim-bonn.mpg.de/zagier/files/doi/10.1007/978-3-540-30308-4_1/fulltext.pdf}
}

@techreport{wood92,
author = {David Wood},
title = {The Computation of Polylogarithms},
month = {June},
year = {1992},
pages = {182-196},
keywords = {determinacy analysis, Craig interpolants},
note = {},
doi = {},
url = {http://www.cs.kent.ac.uk/pubs/1992/110},
    address = {University of Kent, Canterbury, UK},
    hensa_abstractfilename = {pub/misc/ukc.reports/comp.sci/abstracts/15-92},
    hensa_ftpaddress = {unix.hensa.ac.uk},
    hensa_reportfilename = {pub/misc/ukc.reports/comp.sci/reports/15-92.ps.Z},
    institution = {University of Kent, Computing Laboratory},
    number = {15-92*},
},

@article {jonquiere89,
   AUTHOR = {Jonqui\`ere, A. },
    TITLE = {Note sur la s\'erie $\sum_{n=1}^{\infty} \frac{x^n}{n^s}$.},
  JOURNAL = { Bulletin de la Soci\'et\'e Math\'ematique de France},
   VOLUME = {17},
     YEAR = {1889},
    PAGES = {142--152 }
},

@misc {cohen:hardyLittlewood,
   AUTHOR = {Henri Cohen},
    TITLE = {High precision computation of Hardy-Littlewood constants},
     NOTE = {\url{http://www.math.u-bordeaux1.fr/~hecohen/}}
}

@misc {mcgown:bernproj,
   AUTHOR = { McGown, Kevin J. },
    TITLE = { Computing Bernoulli Numbers Quickly },
     YEAR = { 2005 },
     NOTE = {\url{http://wstein.org/projects/168/kevin_mcgown/bernproj.pdf}}
}

@misc {stein:bernproj,
   AUTHOR = { William Stein },
    TITLE = { Computing Bernoulli Numbers },
     YEAR = { 2006 },
     NOTE = {\url{http://wstein.org/talks/bernoulli/current.pdf}}
}

@article {berndt:ramanujan,
  AUTHOR = { Berndt, Bruce C.},
  TITLE = { Modular transformations and generalizations of several formulae of Ramanujan},
   YEAR = { 1977},
  JOURNAL = {Rocky Mountain Journal of Mathematics },
   VOLUME = { 7 },
    PAGES = {147--190},
    URL = { https://projecteuclid.org/download/pdf_1/euclid.rmjm/1250130041 }
}
